
@inproceedings{engel_semi-dense_2013,
	address = {Sydney, Australia},
	title = {Semi-dense {Visual} {Odometry} for a {Monocular} {Camera}},
	isbn = {978-1-4799-2840-8},
	url = {http://ieeexplore.ieee.org/document/6751290/},
	doi = {10.1109/ICCV.2013.183},
	urldate = {2020-01-28},
	booktitle = {2013 {IEEE} {International} {Conference} on {Computer} {Vision}},
	publisher = {IEEE},
	author = {Engel, Jakob and Sturm, Jurgen and Cremers, Daniel},
	month = dec,
	year = {2013},
	note = {00457},
	pages = {1449--1456},
	file = {Submitted Version:C\:\\Users\\meb0054\\Google Drive\\Documents\\Zotero\\storage\\8B4TFHEL\\Engel et al. - 2013 - Semi-dense Visual Odometry for a Monocular Camera.pdf:application/pdf}
}

@inproceedings{forster_svo_2014,
	address = {Hong Kong, China},
	title = {{SVO}: {Fast} semi-direct monocular visual odometry},
	isbn = {978-1-4799-3685-4},
	shorttitle = {{SVO}},
	url = {http://ieeexplore.ieee.org/document/6906584/},
	doi = {10.1109/ICRA.2014.6906584},
	urldate = {2020-01-28},
	booktitle = {2014 {IEEE} {International} {Conference} on {Robotics} and {Automation} ({ICRA})},
	publisher = {IEEE},
	author = {Forster, Christian and Pizzoli, Matia and Scaramuzza, Davide},
	month = may,
	year = {2014},
	note = {01113},
	pages = {15--22},
	file = {Accepted Version:C\:\\Users\\meb0054\\Google Drive\\Documents\\Zotero\\storage\\9HHJBP29\\Forster et al. - 2014 - SVO Fast semi-direct monocular visual odometry.pdf:application/pdf}
}

@inproceedings{newcombe_dtam_2011,
	address = {Barcelona, Spain},
	title = {{DTAM}: {Dense} tracking and mapping in real-time},
	isbn = {978-1-4577-1102-2 978-1-4577-1101-5 978-1-4577-1100-8},
	shorttitle = {{DTAM}},
	url = {http://ieeexplore.ieee.org/document/6126513/},
	doi = {10.1109/ICCV.2011.6126513},
	urldate = {2020-01-28},
	booktitle = {2011 {International} {Conference} on {Computer} {Vision}},
	publisher = {IEEE},
	author = {Newcombe, Richard A. and Lovegrove, Steven J. and Davison, Andrew J.},
	month = nov,
	year = {2011},
	note = {01456},
	pages = {2320--2327},
	file = {Submitted Version:C\:\\Users\\meb0054\\Google Drive\\Documents\\Zotero\\storage\\3U9YU7GI\\Newcombe et al. - 2011 - DTAM Dense tracking and mapping in real-time.pdf:application/pdf}
}

@article{lowe_distinctive_2004,
	title = {Distinctive {Image} {Features} from {Scale}-{Invariant} {Keypoints}},
	volume = {60},
	issn = {0920-5691},
	url = {http://link.springer.com/10.1023/B:VISI.0000029664.99615.94},
	doi = {10.1023/B:VISI.0000029664.99615.94},
	language = {en},
	number = {2},
	urldate = {2020-01-28},
	journal = {International Journal of Computer Vision},
	author = {Lowe, David G.},
	month = nov,
	year = {2004},
	note = {55127},
	pages = {91--110},
	file = {Full Text:C\:\\Users\\meb0054\\Google Drive\\Documents\\Zotero\\storage\\NSZZ6YNA\\Lowe - 2004 - Distinctive Image Features from Scale-Invariant Ke.pdf:application/pdf}
}

@incollection{fleet_lsd-slam_2014,
	address = {Cham},
	title = {{LSD}-{SLAM}: {Large}-{Scale} {Direct} {Monocular} {SLAM}},
	volume = {8690},
	isbn = {978-3-319-10604-5 978-3-319-10605-2},
	shorttitle = {{LSD}-{SLAM}},
	language = {en},
	urldate = {2020-01-30},
	booktitle = {Computer {Vision} – {ECCV} 2014},
	publisher = {Springer International Publishing},
	author = {Engel, Jakob and Schöps, Thomas and Cremers, Daniel},
	editor = {Fleet, David and Pajdla, Tomas and Schiele, Bernt and Tuytelaars, Tinne},
	year = {2014},
	doi = {10.1007/978-3-319-10605-2_54},
	note = {00000 },
	pages = {834--849},
	file = {Submitted Version:C\:\\Users\\meb0054\\Google Drive\\Documents\\Zotero\\storage\\7VY3W2KG\\Engel et al. - 2014 - LSD-SLAM Large-Scale Direct Monocular SLAM.pdf:application/pdf}
}

@article{engel_direct_2018,
	title = {Direct {Sparse} {Odometry}},
	volume = {40},
	issn = {0162-8828, 2160-9292},
	url = {http://ieeexplore.ieee.org/document/7898369/},
	doi = {10.1109/TPAMI.2017.2658577},
	number = {3},
	urldate = {2020-01-30},
	journal = {IEEE Transactions on Pattern Analysis and Machine Intelligence},
	author = {Engel, Jakob and Koltun, Vladlen and Cremers, Daniel},
	month = mar,
	year = {2018},
	pages = {611--625},
	file = {Full Text:C\:\\Users\\meb0054\\Google Drive\\Documents\\Zotero\\storage\\3JYTYZSG\\Engel et al. - 2018 - Direct Sparse Odometry.pdf:application/pdf}
}

@inproceedings{steinbruecker_real-time_2011,
	title = {Real-{Time} {Visual} {Odometry} from {Dense} {RGB}-{D} {Images}},
	booktitle = {Workshop on {Live} {Dense} {Reconstruction} with {Moving} {Cameras} at the {Intl}. {Conf}. on {Computer} {Vision} ({ICCV})},
	author = {Steinbruecker, F. and Sturm, J. and Cremers, D.},
	year = {2011},
	keywords = {rgb-d, dense visual odometry, rgb-d benchmark}
}

@inproceedings{kerl_dense_2013,
	address = {Tokyo},
	title = {Dense visual {SLAM} for {RGB}-{D} cameras},
	isbn = {978-1-4673-6358-7 978-1-4673-6357-0},
	url = {http://ieeexplore.ieee.org/document/6696650/},
	doi = {10.1109/IROS.2013.6696650},
	urldate = {2020-02-27},
	booktitle = {2013 {IEEE}/{RSJ} {International} {Conference} on {Intelligent} {Robots} and {Systems}},
	publisher = {IEEE},
	author = {Kerl, Christian and Sturm, Jurgen and Cremers, Daniel},
	month = nov,
	year = {2013},
	pages = {2100--2106},
	file = {Submitted Version:C\:\\Users\\meb0054\\Google Drive\\Documents\\Zotero\\storage\\3U4AHRB5\\Kerl et al. - 2013 - Dense visual SLAM for RGB-D cameras.pdf:application/pdf}
}

@inproceedings{stuhmer_real-time_2010,
	address = {Berlin, Heidelberg},
	title = {Real-{Time} {Dense} {Geometry} from a {Handheld} {Camera}},
	isbn = {978-3-642-15986-2},
	abstract = {We present a novel variational approach to estimate dense depth maps from multiple images in real-time. By using robust penalizers for both data term and regularizer, our method preserves discontinuities in the depth map. We demonstrate that the integration of multiple images substantially increases the robustness of estimated depth maps to noise in the input images. The integration of our method into recently published algorithms for camera tracking allows dense geometry reconstruction in real-time using a single handheld camera. We demonstrate the performance of our algorithm with real-world data.},
	booktitle = {Pattern {Recognition}},
	publisher = {Springer Berlin Heidelberg},
	author = {Stühmer, Jan and Gumhold, Stefan and Cremers, Daniel},
	editor = {Goesele, Michael and Roth, Stefan and Kuijper, Arjan and Schiele, Bernt and Schindler, Konrad},
	year = {2010},
	pages = {11--20}
}

@article{silveira_efficient_2008,
	title = {An {Efficient} {Direct} {Approach} to {Visual} {SLAM}},
	volume = {24},
	issn = {1552-3098, 1941-0468},
	url = {http://ieeexplore.ieee.org/document/4633681/},
	doi = {10.1109/TRO.2008.2004829},
	number = {5},
	urldate = {2020-02-28},
	journal = {IEEE Transactions on Robotics},
	author = {Silveira, G. and Malis, E. and Rives, P.},
	month = oct,
	year = {2008},
	pages = {969--979}
}

@incollection{henry_rgb-d_2014,
	address = {Berlin, Heidelberg},
	title = {{RGB}-{D} {Mapping}: {Using} {Depth} {Cameras} for {Dense} {3D} {Modeling} of {Indoor} {Environments}},
	isbn = {978-3-642-28572-1},
	url = {https://doi.org/10.1007/978-3-642-28572-1_33},
	abstract = {RGB-D cameras are novel sensing systems that capture RGB images along with per-pixel depth information. In this paper we investigate how such cameras can be used in the context of robotics, specifically for building dense 3D maps of indoor environments. Such maps have applications in robot navigation, manipulation, semantic mapping, and telepresence. We present RGB-D Mapping, a full 3D mapping system that utilizes a novel joint optimization algorithm combining visual features and shape-based alignment. Visual and depth information are also combined for view-based loop closure detection, followed by pose optimization to achieve globally consistent maps.We evaluate RGB-D Mapping on two large indoor environments, and show that it effectively combines the visual and shape information available from RGB-D cameras.},
	booktitle = {Experimental {Robotics}: {The} 12th {International} {Symposium} on {Experimental} {Robotics}},
	publisher = {Springer Berlin Heidelberg},
	author = {Henry, Peter and Krainin, Michael and Herbst, Evan and Ren, Xiaofeng and Fox, Dieter},
	editor = {Khatib, Oussama and Kumar, Vijay and Sukhatme, Gaurav},
	year = {2014},
	doi = {10.1007/978-3-642-28572-1_33},
	pages = {477--491}
}

@article{besl_method_1992,
	title = {A method for registration of 3-{D} shapes},
	volume = {14},
	issn = {0162-8828, 2160-9292},
	url = {http://ieeexplore.ieee.org/document/121791/},
	doi = {10.1109/34.121791},
	number = {2},
	urldate = {2020-02-28},
	journal = {IEEE Transactions on Pattern Analysis and Machine Intelligence},
	author = {Besl, P.J. and McKay, Neil D.},
	month = feb,
	year = {1992},
	pages = {239--256},
	file = {Submitted Version:C\:\\Users\\meb0054\\Google Drive\\Documents\\Zotero\\storage\\BYX5T8E7\\Besl and McKay - 1992 - A method for registration of 3-D shapes.pdf:application/pdf}
}